@inproceedings{prabowo2019identifyhatespeech,
  author={Prabowo, Faizal Adhitama and Ibrohim, Muhammad Okky and Budi, Indra},
  booktitle={2019 6th International Conference on Information Technology, Computer and Electrical Engineering (ICITACEE)}, 
  title={Hierarchical Multi-label Classification to Identify Hate Speech and Abusive Language on Indonesian Twitter}, 
  year={2019},
  volume={},
  number={},
  pages={1-5},
  keywords={Feature extraction;Twitter;Support vector machines;Electrical engineering;Machine learning algorithms;Classification algorithms;hate speech;multi-label text classification;hierarchical classification;machine learning;RFDT;NB;SVM},
  doi={10.1109/ICITACEE.2019.8904425}
}

@inproceedings{smetanin2020toxic,
  author={Sergey Smetanin},
  booktitle={Computational Linguistics and Intellectual Technologies: Proceedings of the International Conference “Dialogue 2020”},
  title={Toxic Comments Detection in Russian},
  year={2020},
  %doi={10.28995/2075-7182-2020-19-1149-1159},
  url={https://web.archive.org/web/20230401232248/https://www.dialog-21.ru/media/5181/smetaninsi-029.pdf},
  note={Originální zdroj nedostupný, přístup z webového archivu [cit. 2025-05-24]}
}

@article{devlin2018bert,
  title={BERT: Pre-training of Deep Bidirectional Transformers for Language Understanding},
  author={Devlin, Jacob and Chang, Ming-Wei and Lee, Kenton and Toutanova, Kristina},
  journal={arXiv preprint arXiv:1810.04805},
  url={https://arxiv.org/abs/1810.04805}, 
  year={2018}
}

@misc{grattafiori2024llama3herdmodels,
      title={The Llama 3 Herd of Models}, 
      author={Aaron Grattafiori, Abhimanyu Dubey and Abhinav Jauhri et al.},
      year={2024},
      eprint={2407.21783},
      archivePrefix={arXiv},
      primaryClass={cs.AI},
      url={https://arxiv.org/abs/2407.21783}
}

@misc{kuratov2019adaptationdeepbidirectionalmultilingual,
      title={Adaptation of Deep Bidirectional Multilingual Transformers for Russian Language}, 
      author={Yuri Kuratov and Mikhail Arkhipov},
      year={2019},
      eprint={1905.07213},
      archivePrefix={arXiv},
      primaryClass={cs.CL},
      url={https://arxiv.org/abs/1905.07213}, 
}

@online{blackmoon2019russiantoxiccomments,
  author={Anatoliy Belchikov},
  title={Russian Language Toxic Comments},
  year={2019},
  url={https://www.kaggle.com/datasets/blackmoon/russian-language-toxic-comments/data},
  note={[cit. 2025-05-24]}
}

@online{deeppavlov2020rubertcasebased,
    author={Yuri Kuratov and Mikhail Arkhipov},
    title={rubert-base-cased},
    year={2020},
    url={https://huggingface.co/DeepPavlov/rubert-base-cased},
    note={[cit. 2025-05-26]}
}

